<record><leader>00000cas a2200000 a 4500</leader><controlfield tag="001">26874753</controlfield><controlfield tag="008">921028d1878189uiluwr ne      0   a0eng c</controlfield><datafield ind1=" " ind2=" " tag="010"><subfield code="a">sn 92054641 </subfield></datafield><datafield ind1=" " ind2=" " tag="040"><subfield code="a">NVF</subfield><subfield code="b">eng</subfield><subfield code="c">NVF</subfield><subfield code="d">OCL</subfield><subfield code="d">NVF</subfield><subfield code="d">OCLCF</subfield><subfield code="d">OCLCO</subfield></datafield><datafield ind1="1" ind2=" " tag="029"><subfield code="a">AU@</subfield><subfield code="b">000040189658</subfield></datafield><datafield ind1=" " ind2=" " tag="042"><subfield code="a">pcc</subfield></datafield><datafield ind1=" " ind2=" " tag="043"><subfield code="a">n-us-il</subfield></datafield><datafield ind1="0" ind2="0" tag="245"><subfield code="a">Barton's free press.</subfield></datafield><datafield ind1=" " ind2=" " tag="260"><subfield code="a">Carbondale, Ill. :</subfield><subfield code="b">J.H. Barton</subfield></datafield><datafield ind1=" " ind2=" " tag="300"><subfield code="a">v.</subfield></datafield><datafield ind1=" " ind2=" " tag="310"><subfield code="a">Weekly</subfield></datafield><datafield ind1="1" ind2=" " tag="362"><subfield code="a">Began in 1878?</subfield></datafield><datafield ind1=" " ind2=" " tag="580"><subfield code="a">Merged with: Jackson County Republican, to form: Jackson County Republican free press.</subfield></datafield><datafield ind1=" " ind2=" " tag="588"><subfield code="a">Description based on: Vol. 2, no. 26 (June 21, 1879).</subfield></datafield><datafield ind1=" " ind2="0" tag="651"><subfield code="a">Carbondale (Ill.)</subfield><subfield code="v">Newspapers.</subfield></datafield><datafield ind1=" " ind2="7" tag="655"><subfield code="a">Newspapers.</subfield><subfield code="2">fast</subfield><subfield code="0">(OCoLC)fst01423814</subfield></datafield><datafield ind1=" " ind2="7" tag="651"><subfield code="a">Illinois</subfield><subfield code="z">Carbondale.</subfield><subfield code="2">fast</subfield><subfield code="0">(OCoLC)fst01206446</subfield></datafield><datafield ind1="1" ind2=" " tag="700"><subfield code="a">Barton, J. H.</subfield><subfield code="q">(John Harris),</subfield><subfield code="d">1837-1911.</subfield></datafield><datafield ind1=" " ind2=" " tag="752"><subfield code="a">United States</subfield><subfield code="b">Illinois</subfield><subfield code="c">Jackson</subfield><subfield code="d">Carbondale.</subfield></datafield><datafield ind1="0" ind2="0" tag="780"><subfield code="t">Southern Illinois free press</subfield><subfield code="w">(DLC)sn 92054640</subfield></datafield><datafield ind1="1" ind2="7" tag="785"><subfield code="t">Jackson County Republican</subfield><subfield code="w">(DLC)sn2006061017</subfield><subfield code="w">(OCoLC)70791596</subfield></datafield><datafield ind1="1" ind2="7" tag="785"><subfield code="t">Jackson County Republican free press</subfield><subfield code="w">(DLC)sn 92054642</subfield><subfield code="w">(OCoLC)26875109</subfield></datafield></record>